@book{TFA,
  title     = {The fundamental theorem of algebra},
  author    = {Fine, Benjamin and Rosenberger, Gerhard},
  year      = {1997},
  location  = {New York},
  publisher = {Springer Science \& Business Media},
  pagetotal = {208}
}

@book{fracionario,
  title     = {Cálculo Fracionário},
  author    = {Figueiredo Camargo, R and Capelas de Oliveira, E},
  location  = {São Paulo},
  publisher = {Editora Livraria da Física},
  year      = {2015},
  pagetotal = {183}
}

@book{IMPA,
  title     = {Cálculo em uma Variável Complexa},
  author    = {Marcio G. Soares},
  publisher = {IMPA},
  location  = {Rio de Janeiro},
  year      = {2014},
  pagetotal = {196},
  isbn      = {978-85-244-0144-2},
  edition   = {5}, 
  series    = {Coleção Matemática Universitária}
}

@online{matrix,
  title   = {Lesson Explainer: Matrix Representation of Complex Numbers},
  author  = {Nagwa},
  note    = {(Site)},
  url     = {https://www.nagwa.com/en/explainers/152196980513/},
  urldate = {2022-09-14}
}
